%! Author = Frederik Bußmann
%! Date = 09.11.2021

@book{westermann,
    author = {Prof. Dr. Thomas Westermann},
    date = {2020},
    edition = {8. Aufl. 2020},
    publisher = {Berlin: Verlag Springer Vieweg},
    isbn = {978-3-662-61322-1},
    title = {Mathematik für Ingenieure: Ein anwendungsorientiertes Lehrbuch},
    pages = {28-29},
}

@online{wikipedia,
    author = {Wikipedia-Autoren},
    organization = {Wikipedia},
    title = {Gaußsches Eliminationsverfahren},
    url = {https://de.wikipedia.org/wiki/Gau%C3%9Fsches_Eliminationsverfahren},
    year = {2021 (aufgerufen am 21.10.2021)},
}
